@article{douglass_cross_2011,
  title={Cross section recondensation method via generalized energy condensation theory},
  author={Douglass, Steven and Rahnema, Farzad},
  journal={Annals of Nuclear Energy},
  volume={38},
  number={9},
  pages={2105--2110},
  year={2011},
  publisher={Elsevier}
}

@techreport{gibson_application_2012,
  title={Application of the discrete generalized multigroup method to ultra-fine energy mesh in infinite medium calculations},
  author={Gibson, Nathan A and Forget, Benoit},
  year={2012}
}

@article{gibson_stability_2014,
  title={On the stability of the Discrete Generalized Multigroup method},
  author={Gibson, Nathan A and Forget, Benoit},
  journal={Annals of Nuclear Energy},
  volume={65},
  pages={421--432},
  year={2014},
  publisher={Elsevier}
}

@article{zhu_discrete_2010,
  title={A discrete generalized multigroup energy expansion theory},
  author={Zhu, Lei and Forget, Benoit},
  journal={Nuclear Science and Engineering},
  volume={166},
  number={3},
  pages={239--253},
  year={2010},
  publisher={Taylor \& Francis}
}

@article{zhu_energy_2011,
  title={An energy recondensation method using the discrete generalized multigroup energy expansion theory},
  author={Zhu, Lei and Forget, Benoit},
  journal={Annals of Nuclear Energy},
  volume={38},
  number={8},
  pages={1718--1727},
  year={2011},
  publisher={Elsevier}
}

@article{neuman_discrete_1974,
  title={Discrete (Legendre) orthogonal polynomialsâ€”a survey},
  author={Neuman, Charles P and Schonbach, Dave I},
  journal={International Journal for Numerical Methods in Engineering},
  volume={8},
  number={4},
  pages={743--770},
  year={1974},
  publisher={Wiley Online Library}
}

@article{douglass_consistent_2012,
  title={Consistent generalized energy condensation theory},
  author={Douglass, Steven and Rahnema, Farzad},
  journal={Annals of Nuclear Energy},
  volume={40},
  number={1},
  pages={200--214},
  year={2012},
  publisher={Elsevier}
}

@article{hebert2007review,
  title={A review of legacy and advanced self-shielding models for lattice calculations},
  author={H{\'e}bert, Alain},
  journal={Nuclear science and engineering},
  volume={155},
  number={2},
  pages={310--320},
  year={2007},
  publisher={Taylor \& Francis}
}

@article{leppanen2015serpent,
  title={The Serpent Monte Carlo code: Status, development and applications in 2013},
  author={Lepp{\"a}nen, Jaakko and Pusa, Maria and Viitanen, Tuomas and Valtavirta, Ville and Kaltiaisenaho, Toni},
  booktitle={SNA+ MC 2013-Joint International Conference on Supercomputing in Nuclear Applications+ Monte Carlo},
  pages={06021},
  year={2014},
  organization={EDP Sciences}
}

@article{buchan2013pod,
  title={A POD reduced-order model for eigenvalue problems with application to reactor physics},
  author={Buchan, A G and Pain, C C and Fang, F and Navon, I M},
  journal={International Journal for Numerical Methods in Engineering},
  volume={95},
  number={12},
  pages={1011--1032},
  year={2013},
  publisher={Wiley Online Library}
}

@article{sirovich1987turbulence,
  title={Turbulence and the dynamics of coherent structures. I. Coherent structures},
  author={Sirovich, Lawrence},
  journal={Quarterly of applied mathematics},
  volume={45},
  number={3},
  pages={561--571},
  year={1987}
}

@article{reed2015energy,
  title={An energy basis for response matrix methods based on the Karhunen--Lo{\'e}ve transform},
  author={Reed, Richard L and Roberts, Jeremy A},
  journal={Annals of Nuclear Energy},
  volume={78},
  pages={70--80},
  year={2015},
  publisher={Elsevier}
}

@article{reed2017application,
	title = {Application of Truncated Karhunen-Lo{\`e}ve Transform Basis Sets in the 1-D Discrete Generalized Multigroup Method},
	volume = {117},
	journal = {Transactions of the American Nuclear Society},
	author = {Reed, Richard L and Roberts, Jeremy A},
	year = {2017},
	pages = {714-717}
}

@article{everson2013spatial,
  title={Spatial recondensation using the Discrete Generalized Multigroup method},
  author={Everson, Matthew S and Forget, Benoit},
  journal={Annals of Nuclear Energy},
  volume={62},
  pages={487--498},
  year={2013},
  publisher={Elsevier}
}

@article{reed2019effectiveness,
  title={Effectiveness of the discrete generalized multigroup method based on truncated, POD-driven basis sets},
  author={Reed, Richard L and Roberts, Jeremy A},
  journal={Annals of Nuclear Energy},
  volume={126},
  pages={253--261},
  year={2019},
  publisher={Elsevier}
}